%% This BibTeX bibliography file was created using BibDesk.
%% http://bibdesk.sourceforge.net/

%% Created for Ulrich at 2021-03-04 10:18:34 -0500 


%% Saved with string encoding Unicode (UTF-8) 



@article{eckernkemper2020,
	Author = {{Eckernkemper}, {Tobias} and {Gribisch}, {Bastian}},
	Date = {2020-09-03},
	Doi = {10.1111/obes.12396},
	Journal = {Oxford Bulletin of Economics and Statistics},
	Langid = {en},
	Month = {09},
	Number = {1},
	Pages = {32--65},
	Title = {Classical and Bayesian Inference for Income Distributions using Grouped Data},
	Url = {http://dx.doi.org/10.1111/obes.12396},
	Volume = {83},
	Year = {2020},
	Bdsk-Url-1 = {http://dx.doi.org/10.1111/obes.12396}}

@article{chotikapanich2007,
	title = {Estimating and Combining National Income Distributions Using Limited Data},
	author = {{Chotikapanich}, {Duangkamon} and {Griffiths}, {William E} and {Rao}, {D. S. Prasada}},
	year = {2007},
	month = {01},
	date = {2007-01},
	journal = {Journal of Business & Economic Statistics},
	pages = {97--109},
	volume = {25},
	number = {1},
	doi = {10.1198/073500106000000224},
	url = {http://dx.doi.org/10.1198/073500106000000224},
	langid = {en}
}

@article{griffiths2015,
	title = {On GMM estimation of distributions from grouped data},
	author = {{Griffiths}, {William} and {Hajargasht}, {Gholamreza}},
	year = {2015},
	month = {01},
	date = {2015-01},
	journal = {Economics Letters},
	pages = {122--126},
	volume = {126},
	doi = {10.1016/j.econlet.2014.11.031},
	url = {http://dx.doi.org/10.1016/j.econlet.2014.11.031},
	langid = {en}
}
